@ARTICLE {OCT2017,
    author  = "Bertsimas, Dimitris and Dunn, Jack",
    title   = "Optimal classification trees",
    journal = "Machine Learning",
    year    = "2017",
    volume  = "106",
    number  = "7",
    pages   = "1039-1082",
    url     = "https://doi.org/10.1007/s10994-017-5633-9"
}
@BOOK {IMD2004,
    author    = "Hernández Orallo, José and Ramírez Quintana, José and Ferri Ramírez, César",
    title     = "Introducción a la Minería de Datos",
    publisher = "Pearson Prentice Hall",
    year      = "2004",
    ISBN      = "9788483225585"
}
@BOOK {IOR2015,
    author    = "Hillier, Frederick S. and Lieberman, Gerald J.",
    title     = "Introduction to Operations Research",
    publisher = "McGraw-Hill Education",
    year      = "2015",
    edition   = "tenth"
}
@BOOK {ESL2009,
    author    = "Hastie, Trevor and Tibshirani, Robert and Friedman, Jerome",
    title     = "The Elements of Statistical Learning",
    publisher = "Springer-Verlag New York",
    year      = "2009",
    series    = "Springer Series in Statistics",
    edition   = "second",
    doi       = "10.1007/978-0-387-84858-7",
    ISBN      = "9780387848587"
}